@incollection {MR0347943,
    AUTHOR = {Brown, K. S. and Gersten, S. M.},
     TITLE = {Algebraic {$K$}--Theory as Generalized Sheaf Cohomology},
 BOOKTITLE = {Algebraic {$K\mkern-2mu$}--Theory, {I}: {H}igher {$K\mkern-2mu$}--theories ({P}roc.
              {C}onf., {B}attelle {M}emorial {I}nst., {S}eattle, {W}ash.,
              1972)},
     PAGES = {266--292},
 PUBLISHER = {Springer},
      YEAR = {1973},
   MRCLASS = {18F25},
  MRNUMBER = {0347943 (50 \#442)},
MRREVIEWER = {J.-P. Jouanolou},
}

@book {MR2182076,
    AUTHOR = {{Kashiwara}, {M.} and {Schapira}, {P.}},
     TITLE = {Categories and Sheaves},
    SERIES = {Grund\-leh\-ren der Mathematischen Wissenschaften},
 PUBLISHER = {Springer Verlag},
      YEAR = {2006},
      ISBN = {978-3-540-27949-5},
   MRCLASS = {18-02 (14F05 18F20)},
  MRNUMBER = {2182076 (2006k:18001)},
MRREVIEWER = {Corrado Marastoni},
}

@book {MR0210125,
    AUTHOR = {Gabriel, P. and Zisman, M.},
     TITLE = {Calculus of Fractions and Homotopy Theory},
    SERIES = {Ergebnisse der Mathematik und ihrer Grenzgebiete},
 PUBLISHER = {Springer Verlag},
      YEAR = {1967},
   MRCLASS = {55.40 (18.00)},
  MRNUMBER = {0210125 (35 \#1019)},
MRREVIEWER = {A. K. Bousfield},
}

@book {MR0223432,
    AUTHOR = {Quillen, D. G.},
     TITLE = {Homotopical Algebra},
    SERIES = {Lecture Notes in Mathematics},
    VOLUME = {43},
 PUBLISHER = {Springer Verlag},
      YEAR = {1967},
   MRCLASS = {18.20 (55.00)},
  MRNUMBER = {0223432 (36 \#6480)},
MRREVIEWER = {A. K. Bousfield},
}

@book {MR1291599,
    AUTHOR = {Borceux, F.},
     TITLE = {Handbook of Categorical Algebra 1},
    SERIES = {Encyclopedia of Mathematics and its Applications},
 PUBLISHER = {Cambridge University Press},
      YEAR = {1994},
      ISBN = {0-521-44178-1},
   MRCLASS = {18-02 (18Axx)},
  MRNUMBER = {1291599 (96g:18001a)},
MRREVIEWER = {Martin Hyland},
}

@book {MR1313497,
    AUTHOR = {Borceux, F.},
     TITLE = {Handbook of Categorical Algebra 2},
    SERIES = {Encyclopedia of Mathematics and its Applications},
 PUBLISHER = {Cambridge University Press},
      YEAR = {1994},
      ISBN = {0-521-44179-X},
   MRCLASS = {18-02 (18Exx)},
  MRNUMBER = {1313497 (96g:18001b)},
MRREVIEWER = {Martin Hyland},
}

@book {MR1315049,
    AUTHOR = {Borceux, F.},
     TITLE = {Handbook of Categorical Algebra 3},
    SERIES = {Encyclopedia of Mathematics and its Applications},
 PUBLISHER = {Cambridge University Press},
      YEAR = {1994},
      ISBN = {0-521-44180-3},
   MRCLASS = {18-02 (18B25 18F20)},
  MRNUMBER = {1315049 (96g:18001c)},
MRREVIEWER = {Martin Hyland},
}

@incollection {MR1361887,
    AUTHOR = {Dwyer, W. G. and Spali{\'n}ski, J.},
     TITLE = {Homotopy Theories and Model Categories},
 BOOKTITLE = {Handbook of Algebraic Topology},
     PAGES = {73--126},
 PUBLISHER = {North-Holland},
      YEAR = {1995},
   MRCLASS = {55Uxx (18E35)},
  MRNUMBER = {1361887 (96h:55014)},
MRREVIEWER = {Yves F{\'e}lix},
}

@book {MR2522659,
    AUTHOR = {Lurie, J.},
     TITLE = {Higher Topos theory},
    SERIES = {Annals of Mathematics Studies},
 PUBLISHER = {Princeton University Press},
      YEAR = {2009},
      ISBN = {978-0-691-14049-0},
   MRCLASS = {18-02 (18B25 18E35 18G30 18G55 55U40)},
  MRNUMBER = {2522659 (2010j:18001)},
MRREVIEWER = {Mark Hovey},
}

@book {higheralgebra,
    AUTHOR = {Lurie, J.},
     TITLE = {Higher Algebra},
      YEAR = {2012},
       url = {http://www.math.harvard.edu/~lurie/papers/HigherAlgebra.pdf},
}

@book {MR2675155,
    AUTHOR = {G{\"o}rtz, U. and Wedhorn, T.},
     TITLE = {Algebraic Geometry {I}},
    SERIES = {Advanced Lectures in Mathematics},
 PUBLISHER = {Vieweg+Teubner},
      YEAR = {2010},
      ISBN = {978-3-8248-0676-5},
   MRCLASS = {14-01},
  MRNUMBER = {2675155 (2011f:14001)},
MRREVIEWER = {C{\'{\i}}cero Carvalho},
}

@article {MR906403,
    AUTHOR = {Jardine, J. F.},
     TITLE = {Simplicial Presheaves},
   JOURNAL = {Journal of Pure and Applied Algebra},
    VOLUME = {47},
      YEAR = {1987},
    NUMBER = {1},
     PAGES = {35--87},
      ISSN = {0022-4049},
     CODEN = {JPAAA2},
   MRCLASS = {18F10 (18B25 18F20 18F25 19D99)},
  MRNUMBER = {906403 (88j:18005)},
MRREVIEWER = {V. P. Snaith},
}

@book {MR2840650,
    AUTHOR = {Goerss, P. G. and Jardine, J. F.},
     TITLE = {Simplicial Homotopy Theory},
    SERIES = {Modern Birkh\"auser Classics},
 PUBLISHER = {Birkh\"auser Verlag},
      YEAR = {2009},
      ISBN = {978-3-0346-0188-7},
   MRCLASS = {55U10 (18G55)},
  MRNUMBER = {2840650},
}

@book {MR1702278,
    AUTHOR = {May, J. P.},
     TITLE = {A Concise Course in Algebraic Topology},
 PUBLISHER = {University of Chicago Press},
      YEAR = {1999},
      ISBN = {0-226-51182-0; 0-226-51183-9},
   MRCLASS = {55-02 (18-02 57-02)},
  MRNUMBER = {1702278 (2000h:55002)},
MRREVIEWER = {R. M. Vogt},
}
@article {MR0102537,
    AUTHOR = {Grothendieck, A.},
     TITLE = {Sur quelques points d'alg√®bre homologique},
   JOURNAL = {The Tohoku Mathematical Journal},
    VOLUME = {9},
    NUMBER = {2},
      YEAR = {1957},
     PAGES = {119--221},
      ISSN = {0040-8735},
   MRCLASS = {18.00},
  MRNUMBER = {0102537 (21 \#1328)},
MRREVIEWER = {D. Buchsbaum},
}

@book {MR1269324,
    AUTHOR = {Weibel, C. A.},
     TITLE = {An Introduction to Homological Algebra},
    SERIES = {Cambridge Studies in Advanced Mathematics},
 PUBLISHER = {Cambridge University Press},
      YEAR = {1994},
      ISBN = {0-521-43500-5; 0-521-55987-1},
   MRCLASS = {18-01 (16-01 17-01 20-01 55Uxx)},
  MRNUMBER = {1269324 (95f:18001)},
MRREVIEWER = {Kenneth A. Brown},
}

@book {MR0463157,
    AUTHOR = {Hartshorne, R.},
     TITLE = {Algebraic Geometry},
    SERIES = {Graduate Texts in Mathematics},
 PUBLISHER = {Springer--Verlag},
      YEAR = {1977},
      ISBN = {0-387-90244-9},
   MRCLASS = {14-01},
  MRNUMBER = {0463157 (57 \#3116)},
MRREVIEWER = {Robert Speiser},
}

@book {MR651714,
    AUTHOR = {Kelly, G. M.},
     TITLE = {Basic concepts of enriched category theory},
    SERIES = {London Mathematical Society Lecture Note Series},
 PUBLISHER = {Cambridge University Press},
   ADDRESS = {Cambridge},
      YEAR = {1982},
      ISBN = {0-521-28702-2},
   MRCLASS = {18-02 (18D20)},
  MRNUMBER = {651714 (84e:18001)},
MRREVIEWER = {F. E. J. Linton},
}

@article {MR1813224,
    AUTHOR = {Morel, F. and Voevodsky, V.},
     TITLE = {{\(\mathbb A^{1}\)}--homotopy theory of schemes},
   JOURNAL = {Inst. Hautes \'Etudes Sci. Publ. Math.},
  FJOURNAL = {Institut des Hautes \'Etudes Scientifiques. Publications
              Math\'ematiques},
    NUMBER = {90},
      YEAR = {1999},
      ISSN = {0073-8301},
   MRCLASS = {14F35 (19E08)},
  MRNUMBER = {1813224 (2002f:14029)},
MRREVIEWER = {Marc Levine},
}

@online {MO87436,
    title = {Necessity of hypercovers for sheaf condition for simplicial sheaves},
    titleaddon = {(answer)},
    author = {Carchedi, D.},
    date = {2012-02-03},
    organization = {MathOverflow},
    url = {http://mathoverflow.net/q/87436},
    urldate = {2014-05-20},
}

@article {MR1870515,
    AUTHOR = {Dugger, D.},
     TITLE = {Universal homotopy theories},
   JOURNAL = {Adv. Math.},
  FJOURNAL = {Advances in Mathematics},
    VOLUME = {164},
      YEAR = {2001},
    NUMBER = {1},
      ISSN = {0001-8708},
   MRCLASS = {18G55 (18E20 55U10)},
  MRNUMBER = {1870515 (2002k:18021)},
MRREVIEWER = {Manuel Bullejos Lorenzo},
}

@book {MR0420609,
    AUTHOR = {Boardman, J. M. and Vogt, R. M.},
     TITLE = {Homotopy invariant algebraic structures on topological spaces},
    SERIES = {Lecture Notes in Mathematics},
 PUBLISHER = {Springer-Verlag},
    VOLUME = {347},
      YEAR = {1973},
   MRCLASS = {55D35},
  MRNUMBER = {0420609 (54 \#8623a)},
MRREVIEWER = {J. Stasheff},
}

@article {MR1935979,
    AUTHOR = {Joyal, A.},
     TITLE = {Quasi--categories and {K}an complexes},
   JOURNAL = {J. Pure Appl. Algebra},
  FJOURNAL = {Journal of Pure and Applied Algebra},
    VOLUME = {175},
      YEAR = {2002},
    NUMBER = {1-3},
     PAGES = {207--222},
      ISSN = {0022-4049},
     CODEN = {JPAAA2},
   MRCLASS = {55U10 (18G55)},
  MRNUMBER = {1935979 (2003h:55026)},
MRREVIEWER = {Donald M. Davis},
}

@article {MR1355899,
    AUTHOR = {Baez, J. C. and Dolan, J.},
     TITLE = {Higher--dimensional algebra and topological quantum field theory},
   JOURNAL = {J. Math. Phys.},
  FJOURNAL = {Journal of Mathematical Physics},
    VOLUME = {36},
      YEAR = {1995},
    NUMBER = {11},
      ISSN = {0022-2488},
     CODEN = {JMAPAQ},
   MRCLASS = {18D05 (55P42 57R57)},
  MRNUMBER = {1355899 (97f:18003)},
}

@article {MR2276611,
    AUTHOR = {Bergner, J. E.},
     TITLE = {A model category structure on the category of simplicial
              categories},
   JOURNAL = {Trans. Amer. Math. Soc.},
  FJOURNAL = {Transactions of the American Mathematical Society},
    VOLUME = {359},
      YEAR = {2007},
    NUMBER = {5},
      ISSN = {0002-9947},
   MRCLASS = {18G55 (18D20)},
  MRNUMBER = {2276611 (2007i:18014)},
MRREVIEWER = {Philippe Gaucher},
}

@online{2013arXiv1306.5144R,
   author = {{Riehl}, E. and {Verity}, D.},
    title = "{The $2$--category theory of quasi--categories}",
archivePrefix = "arXiv",
   eprint = {1306.5144},
 primaryClass = "math.CT",
     year = 2013,
    month = jun,
}

@phdthesis{nicholsbarrerthesis,
  author = {{Nichols-Barrer}, J.~P.},
  title = "{On Quasi--Categories as a Foundation for Higher Algebraic Stacks}",
  school = "Massachusetts Institute of Technology",
  year = 2007,
  month = jun
}

@online{_2014arXiv1401.5656K,
   author = {{Kazhdan}, D. and {Varshavsky}, Y.},
    title = "{Yoneda lemma for complete Segal spaces}",
archivePrefix = "arXiv",
   eprint = {1401.5656},
 primaryClass = "math.CT",
     year = 2014,
    month = jan,
}

@online{_2012arXiv1206.3645R,
   author = {{Robalo}, M.},
    title = "{Noncommutative Motives I: A Universal Characterization of the Motivic Stable Homotopy Theory of Schemes}",
archivePrefix = "arXiv",
   eprint = {1206.3645},
 primaryClass = "math.AG",
     year = 2012,
    month = jun,
}

@article {MR2122218,
    AUTHOR = {Hu, P.},
     TITLE = {On the {P}icard group of the stable {$\Aone$}--homotopy
              category},
   JOURNAL = {Topology},
  FJOURNAL = {Topology. An International Journal of Mathematics},
    VOLUME = {44},
      YEAR = {2005},
    NUMBER = {3},
      ISSN = {0040-9383},
}

@inproceedings {MR656721,
    AUTHOR = {Dold, A. and Puppe, D.},
     TITLE = {Duality, trace, and transfer},
 BOOKTITLE = {Proceedings of the {I}nternational {C}onference on {G}eometric
              {T}opology ({W}arsaw, 1978)},
     PAGES = {81--102},
 PUBLISHER = {PWN, Warsaw},
      YEAR = {1980},
}

@article {MR1191386,
    AUTHOR = {Turaev, V. G. and Viro, O. Ya.},
     TITLE = {State sum invariants of {$3$}--manifolds and quantum
              {$6j$}--symbols},
   JOURNAL = {Topology},
  FJOURNAL = {Topology. An International Journal of Mathematics},
    VOLUME = {31},
      YEAR = {1992},
    NUMBER = {4},
      ISSN = {0040-9383},
     CODEN = {TPLGAF},
   MRCLASS = {57N10 (16W30 57M25)},
  MRNUMBER = {1191386 (94d:57044)},
MRREVIEWER = {Louis H. Kauffman},
}

@online{_2002arXiv0203060,
   author = {{Etingof}, P. and {Nikshych}, D. and {Ostrik}, V.},
    title = "{On fusion categories}",
archivePrefix = "arXiv",
   eprint = {math/0203060},
 primaryClass = "math.QA",
     year = 2002,
    month = mar,
}

@online{_2000arXiv0004097,
   author = {{Linchenko}, V. and {Montgomery}, S.},
    title = "{A Frobenius-Schur theorem for Hopf algebras}",
archivePrefix = "arXiv",
   eprint = {math/0004097},
 primaryClass = "math.RT",
     year = 2000,
    month = apr,
}

@online{_2005arXiv0503167,
   author = {{Ng}, S.-H. and {Schauenburg}, P.},
    title = "{Higher Frobenius--Schur Indicators for Pivotal Categories}",
 archivePrefix = "arXiv",
   eprint = {math/0503167},
 primaryClass = "math.QA",
     year = 2005,
    month = mar,
}

@online {schauenburg_computing,
    AUTHOR = {Schauenburg, P.},
     TITLE = "{Computing Higher Frobenius--Schur Indicators in Fusion Categories Constructed from Inclusions of Finite Groups}",
      YEAR = {2014},
       url = {http://schauenburg.perso.math.cnrs.fr/papers/CHFSIFCCIFG.pdf},
}

@online{_2013arXiv1309.6611G,
   author = {{Garibaldi}, S. and {Guralnick}, R.},
    title = "{Simple groups stabilizing polynomials}",
 archivePrefix = "arXiv",
   eprint = {1309.6611},
 primaryClass = "math.GR",
     year = 2013,
    month = sep,
}
